<record><leader>00000cas a22000007a 4500</leader><controlfield tag="001">10686282</controlfield><controlfield tag="008">840503d19001971ohuwr ne      0   a0eng d</controlfield><datafield ind1=" " ind2=" " tag="010"><subfield code="a">sn 84005226 </subfield></datafield><datafield ind1=" " ind2=" " tag="040"><subfield code="a">NSD</subfield><subfield code="b">eng</subfield><subfield code="c">NSD</subfield><subfield code="d">ONP</subfield><subfield code="d">OCLCQ</subfield></datafield><datafield ind1=" " ind2=" " tag="012"><subfield code="m">1</subfield></datafield><datafield ind1="1" ind2=" " tag="022"><subfield code="a">0747-2803</subfield><subfield code="l">0747-2803</subfield><subfield code="2">1</subfield></datafield><datafield ind1=" " ind2=" " tag="032"><subfield code="a">058420</subfield><subfield code="b">USPS</subfield></datafield><datafield ind1=" " ind2=" " tag="042"><subfield code="a">nsdp</subfield></datafield><datafield ind1="0" ind2=" " tag="130"><subfield code="a">Bloomville gazette (Bloomville, Ohio : 1900)</subfield></datafield><datafield ind1=" " ind2="4" tag="222"><subfield code="a">The Bloomville gazette</subfield></datafield><datafield ind1="1" ind2="4" tag="245"><subfield code="a">The Bloomville gazette.</subfield></datafield><datafield ind1=" " ind2=" " tag="260"><subfield code="a">Attica, Ohio :</subfield><subfield code="b">J.S. Hassler,</subfield><subfield code="c">-1971.</subfield></datafield><datafield ind1=" " ind2=" " tag="310"><subfield code="a">Weekly</subfield></datafield><datafield ind1="1" ind2=" " tag="362"><subfield code="a">Began with Feb. 22, 1900 issue.</subfield></datafield><datafield ind1="0" ind2=" " tag="362"><subfield code="a">-v. 72, no. 40 (Dec. 2, 1971).</subfield></datafield><datafield ind1=" " ind2=" " tag="530"><subfield code="a">Available on microfilm from Center for Archval Collections, Bowling Green, Ohio.</subfield></datafield><datafield ind1=" " ind2=" " tag="588"><subfield code="a">Description based on: 13th year (Dec. 12, 1912).</subfield></datafield><datafield ind1=" " ind2=" " tag="752"><subfield code="a">United States</subfield><subfield code="b">Ohio</subfield><subfield code="c">Seneca</subfield><subfield code="d">Bloomville.</subfield></datafield><datafield ind1="0" ind2="7" tag="785"><subfield code="t">Republic reporter (Republic, Ohio : 1910)</subfield><subfield code="w">(DLC)sn 87076801</subfield></datafield><datafield ind1="0" ind2="7" tag="785"><subfield code="t">Bloomville gazette and the Republic reporter</subfield><subfield code="w">(DLC)sn 89075017</subfield></datafield></record>